<?xml version="1.0" encoding="UTF-8"?><collection xmlns="http://www.loc.gov/MARC21/slim"><record><leader>00549nam--2200193-i-4500</leader><controlfield tag="001">000000042</controlfield><controlfield tag="002">20161230</controlfield><controlfield tag="005">20170101232640</controlfield><controlfield tag="008">060222s1000------------r-----000-0-eng-d</controlfield><datafield ind1=" " ind2=" " tag="040"><subfield code="a">IFIN-HH</subfield></datafield><datafield ind1=" " ind2=" " tag="080"><subfield code="a">539.12</subfield></datafield><datafield ind1="1" ind2=" " tag="100"><subfield code="a">Omnes, Roland</subfield></datafield><datafield ind1="1" ind2=" " tag="245"><subfield code="a">Mandelstam theory and regge poles</subfield><subfield code="b">An introduction for experimentalists</subfield><subfield code="c">R. Omnes, M. Froissart</subfield></datafield><datafield ind1=" " ind2=" " tag="260"><subfield code="a">New York</subfield><subfield code="b">W.A.Benjamin, Inc</subfield><subfield code="c">1963</subfield></datafield><datafield ind1=" " ind2=" " tag="300"><subfield code="a">XI + 123 P</subfield></datafield><datafield ind1=" " ind2=" " tag="490"><subfield code="a">Frontiers In Physics</subfield></datafield><datafield ind1="1" ind2=" " tag="700"><subfield code="a">Froissart, M</subfield></datafield><datafield ind1=" " ind2=" " tag="852"><subfield code="a">76562</subfield><subfield code="c">539.12</subfield></datafield><datafield ind1=" " ind2=" " tag="CAT"><subfield code="a">SYS</subfield><subfield code="c">20170101</subfield><subfield code="h">232640</subfield></datafield></record></collection>